@article{Moreland:2018gsh,
      author         = "Moreland, J. Scott and Bernhard, Jonah E. and Bass,
                        Steffen A.",
      title          = "{Estimating initial state and quark-gluon plasma medium
                        properties using a hybrid model with nucleon substructure
                        calibrated to $p$-Pb and Pb-Pb collisions at
                        $\sqrt{s_\mathrm{NN}}=5.02$ TeV}",
      year           = "2018",
      eprint         = "1808.02106",
      archivePrefix  = "arXiv",
      primaryClass   = "nucl-th",
      SLACcitation   = "%%CITATION = ARXIV:1808.02106;%%"
}

@article{Moreland:2018jos,
      author         = "Moreland, J. Scott and Bernhard, Jonah E. and Bass,
                        Steffen A.",
      title          = "{Estimating nucleon substructure properties in a unified
                        model of p-Pb and Pb-Pb collisions}",
      booktitle      = "{Proceedings, 27th International Conference on
                        Ultrarelativistic Nucleus-Nucleus Collisions (Quark Matter
                        2018): Venice, Italy, May 14-19, 2018}",
      journal        = "Nucl. Phys.",
      volume         = "A982",
      year           = "2019",
      pages          = "503-506",
      doi            = "10.1016/j.nuclphysa.2018.07.011",
      eprint         = "1806.04802",
      archivePrefix  = "arXiv",
      primaryClass   = "nucl-th",
      SLACcitation   = "%%CITATION = ARXIV:1806.04802;%%"
}

@thesis{Bernhard:2018hnz,
      author         = "Bernhard, Jonah E.",
      title          = "{Bayesian parameter estimation for relativistic heavy-ion
                        collisions}",
      type           = "Ph.D. dissertation",
      institution    = "Duke University",
      date           = "2018-04-19",
      eprint         = "1804.06469",
      archivePrefix  = "arXiv",
      primaryClass   = "nucl-th",
      SLACcitation   = "%%CITATION = ARXIV:1804.06469;%%"
}

@article{Auvinen:2017nrm,
      author         = "Auvinen, Jussi and Karpenko, Iurii A and Bernhard, Jonah
                        E. and Bass, Steffen",
      title          = "{Parameter extractions for RHIC BES using Bayesian
                        statistics}",
      booktitle      = "{Proceedings, 11th International Workshop on Critical
                        Point and Onset of Deconfinement (CPOD2017): Stony Brook,
                        NY, USA, August 7-11, 2017}",
      journal        = "PoS CPOD",
      volume         = "2017",
      year           = "2018",
      pages          = "019",
      SLACcitation   = "%%CITATION = POSCI,CPOD2017,019;%%"
}

@article{Xu:2017obm,
      author         = "Xu, Yingru and Bernhard, Jonah E. and Bass, Steffen A.
                        and Nahrgang, Marlene and Cao, Shanshan",
      title          = "{Data-driven analysis for the temperature and momentum
                        dependence of the heavy-quark diffusion coefficient in
                        relativistic heavy-ion collisions}",
      journal        = "Phys. Rev.",
      volume         = "C97",
      year           = "2018",
      number         = "1",
      pages          = "014907",
      doi            = "10.1103/PhysRevC.97.014907",
      eprint         = "1710.00807",
      archivePrefix  = "arXiv",
      primaryClass   = "nucl-th",
      SLACcitation   = "%%CITATION = ARXIV:1710.00807;%%"
}

@article{Xu:2017nmc,
      author         = "Xu, Yingru and Cao, Shanshan and Nahrgang, Marlene and
                        Bernhard, Jonah E. and Bass, Steffen A.",
      title          = "{Data-driven analysis of the temperature dependence of
                        the heavy-quark transport coefficient}",
      booktitle      = "{Proceedings, 8th International Conference on Hard and
                        Electromagnetic Probes of High-energy Nuclear Collisions:
                        Hard Probes 2016 (HP2016): Wuhan, Hubei, China, September
                        23-27, 2016}",
      journal        = "Nucl. Part. Phys. Proc.",
      volume         = "289-290",
      year           = "2017",
      pages          = "257-260",
      doi            = "10.1016/j.nuclphysbps.2017.05.058",
      SLACcitation   = "%%CITATION = INSPIRE-1639126;%%"
}

@article{Ke:2017xyi,
      author         = "Ke, Weiyao and Moreland, J. Scott and Bernhard, Jonah E.
                        and Bass, Steffen A.",
      title          = "{Constraints on rapidity-dependent initial conditions
                        from charged particle pseudorapidity densities and
                        correlations at the LHC}",
      booktitle      = "{Proceedings, 8th International Conference on Hard and
                        Electromagnetic Probes of High-energy Nuclear Collisions:
                        Hard Probes 2016 (HP2016): Wuhan, Hubei, China, September
                        23-27, 2016}",
      journal        = "Nucl. Part. Phys. Proc.",
      volume         = "289-290",
      year           = "2017",
      pages          = "483-486",
      doi            = "10.1016/j.nuclphysbps.2017.05.113",
      SLACcitation   = "%%CITATION = INSPIRE-1633941;%%"
}

@article{Auvinen:2017fjw,
      author         = "Auvinen, Jussi and Karpenko, Iurii and Bernhard, Jonah E.
                        and Bass, Steffen A.",
      title          = "{Investigating the collision energy dependence of
                        $\eta$/s in RHIC beam energy scan using Bayesian
                        statistics}",
      journal        = "Phys. Rev.",
      volume         = "C97",
      year           = "2018",
      number         = "4",
      pages          = "044905",
      doi            = "10.1103/PhysRevC.97.044905",
      eprint         = "1706.03666",
      archivePrefix  = "arXiv",
      primaryClass   = "hep-ph",
      SLACcitation   = "%%CITATION = ARXIV:1706.03666;%%"
}

@article{Cao:2017zih,
      author         = "Cao, S. and others",
      title          = "{Multistage Monte-Carlo simulation of jet modification in
                        a static medium}",
      collaboration  = "JETSCAPE",
      journal        = "Phys. Rev.",
      volume         = "C96",
      year           = "2017",
      number         = "2",
      pages          = "024909",
      doi            = "10.1103/PhysRevC.96.024909",
      eprint         = "1705.00050",
      archivePrefix  = "arXiv",
      primaryClass   = "nucl-th",
      SLACcitation   = "%%CITATION = ARXIV:1705.00050;%%"
}

@article{Xu:2017hgt,
      author         = "Xu, Yingru and Nahrgang, Marlene and Bernhard, Jonah E.
                        and Cao, Shanshan and Bass, Steffen A.",
      title          = "{A data-driven analysis of the heavy quark transport
                        coefficient}",
      booktitle      = "{Proceedings, 26th International Conference on
                        Ultra-relativistic Nucleus-Nucleus Collisions (Quark
                        Matter 2017): Chicago, Illinois, USA, February 5-11,
                        2017}",
      journal        = "Nucl. Phys.",
      volume         = "A967",
      year           = "2017",
      pages          = "668-671",
      doi            = "10.1016/j.nuclphysa.2017.05.035",
      eprint         = "1704.07800",
      archivePrefix  = "arXiv",
      primaryClass   = "nucl-th",
      SLACcitation   = "%%CITATION = ARXIV:1704.07800;%%"
}

@article{Bass:2017zyn,
      author         = "Bass, Steffen A. and Bernhard, Jonah E. and Moreland, J.
                        Scott",
      title          = "{Determination of Quark-Gluon-Plasma Parameters from a
                        Global Bayesian Analysis}",
      booktitle      = "{Proceedings, 26th International Conference on
                        Ultra-relativistic Nucleus-Nucleus Collisions (Quark
                        Matter 2017): Chicago, Illinois, USA, February 5-11,
                        2017}",
      journal        = "Nucl. Phys.",
      volume         = "A967",
      year           = "2017",
      pages          = "67-73",
      doi            = "10.1016/j.nuclphysa.2017.05.052",
      eprint         = "1704.07671",
      archivePrefix  = "arXiv",
      primaryClass   = "nucl-th",
      SLACcitation   = "%%CITATION = ARXIV:1704.07671;%%"
}

@article{Auvinen:2017pny,
      author         = "Auvinen, Jussi and Karpenko, Iurii and Bernhard, Jonah E.
                        and Bass, Steffen A.",
      title          = "{Revealing the collision energy dependence of $\eta/s$ in
                        RHIC-BES Au+Au collisions using Bayesian statistics}",
      booktitle      = "{Proceedings, 26th International Conference on
                        Ultra-relativistic Nucleus-Nucleus Collisions (Quark
                        Matter 2017): Chicago, Illinois, USA, February 5-11,
                        2017}",
      journal        = "Nucl. Phys.",
      volume         = "A967",
      year           = "2017",
      pages          = "784-787",
      doi            = "10.1016/j.nuclphysa.2017.05.107",
      eprint         = "1704.04643",
      archivePrefix  = "arXiv",
      primaryClass   = "nucl-th",
      SLACcitation   = "%%CITATION = ARXIV:1704.04643;%%"
}

@article{Moreland:2017kdx,
      author         = "Moreland, J. Scott and Bernhard, Jonah E. and Ke, Weiyao
                        and Bass, Steffen A.",
      title          = "{Flow in small and large quark-gluon plasma droplets: the
                        role of nucleon substructure}",
      booktitle      = "{Proceedings, 26th International Conference on
                        Ultra-relativistic Nucleus-Nucleus Collisions (Quark
                        Matter 2017): Chicago, Illinois, USA, February 5-11,
                        2017}",
      journal        = "Nucl. Phys.",
      volume         = "A967",
      year           = "2017",
      pages          = "361-364",
      doi            = "10.1016/j.nuclphysa.2017.05.054",
      eprint         = "1704.04486",
      archivePrefix  = "arXiv",
      primaryClass   = "nucl-th",
      SLACcitation   = "%%CITATION = ARXIV:1704.04486;%%"
}

@article{Bernhard:2017vql,
      author         = "Bernhard, Jonah E. and Moreland, J. Scott and Bass,
                        Steffen A.",
      title          = "{Characterization of the initial state and QGP medium
                        from a combined Bayesian analysis of LHC data at 2.76 and
                        5.02 TeV}",
      booktitle      = "{Proceedings, 26th International Conference on
                        Ultra-relativistic Nucleus-Nucleus Collisions (Quark
                        Matter 2017): Chicago, Illinois, USA, February 5-11,
                        2017}",
      journal        = "Nucl. Phys.",
      volume         = "A967",
      year           = "2017",
      pages          = "293-296",
      doi            = "10.1016/j.nuclphysa.2017.05.037",
      eprint         = "1704.04462",
      archivePrefix  = "arXiv",
      primaryClass   = "nucl-th",
      SLACcitation   = "%%CITATION = ARXIV:1704.04462;%%"
}

@article{Ke:2016jrd,
      author         = "Ke, Weiyao and Moreland, J. Scott and Bernhard, Jonah E.
                        and Bass, Steffen A.",
      title          = "{Constraints on rapidity-dependent initial conditions
                        from charged particle pseudorapidity densities and
                        two-particle correlations}",
      journal        = "Phys. Rev.",
      volume         = "C96",
      year           = "2017",
      number         = "4",
      pages          = "044912",
      doi            = "10.1103/PhysRevC.96.044912",
      eprint         = "1610.08490",
      archivePrefix  = "arXiv",
      primaryClass   = "nucl-th",
      SLACcitation   = "%%CITATION = ARXIV:1610.08490;%%"
}

@article{Auvinen:2016tgi,
      author         = "Auvinen, Jussi and Bernhard, Jonah E. and Bass, Steffen
                        A.",
      title          = "{Systematic Extraction of QGP Properties}",
      booktitle      = "{Proceedings, 10th International Workshop on Critical
                        Point and Onset of Deconfinement (CPOD 2016): Wrocław,
                        Poland}",
      journal        = "Acta Phys. Polon. Supp.",
      volume         = "10",
      year           = "2017",
      pages          = "455",
      doi            = "10.5506/APhysPolBSupp.10.455",
      eprint         = "1610.00590",
      archivePrefix  = "arXiv",
      primaryClass   = "nucl-th",
      SLACcitation   = "%%CITATION = ARXIV:1610.00590;%%"
}

@article{Bernhard:2016tnd,
      author         = "Bernhard, Jonah E. and Moreland, J. Scott and Bass,
                        Steffen A. and Liu, Jia and Heinz, Ulrich",
      title          = "{Applying Bayesian parameter estimation to relativistic
                        heavy-ion collisions: simultaneous characterization of the
                        initial state and quark-gluon plasma medium}",
      journal        = "Phys. Rev.",
      volume         = "C94",
      year           = "2016",
      number         = "2",
      pages          = "024907",
      doi            = "10.1103/PhysRevC.94.024907",
      eprint         = "1605.03954",
      archivePrefix  = "arXiv",
      primaryClass   = "nucl-th",
      SLACcitation   = "%%CITATION = ARXIV:1605.03954;%%"
}

@article{Bernhard:2015hxa,
      author         = "Bernhard, Jonah E. and Marcy, Peter W. and Coleman-Smith,
                        Christopher E. and Huzurbazar, Snehalata and Wolpert,
                        Robert L. and Bass, Steffen A.",
      title          = "{Quantifying properties of hot and dense QCD matter
                        through systematic model-to-data comparison}",
      journal        = "Phys. Rev.",
      volume         = "C91",
      year           = "2015",
      number         = "5",
      pages          = "054910",
      doi            = "10.1103/PhysRevC.91.054910",
      eprint         = "1502.00339",
      archivePrefix  = "arXiv",
      primaryClass   = "nucl-th",
      SLACcitation   = "%%CITATION = ARXIV:1502.00339;%%"
}

@article{Moreland:2014oya,
      author         = "Moreland, J. Scott and Bernhard, Jonah E. and Bass,
                        Steffen A.",
      title          = "{Alternative ansatz to wounded nucleon and binary
                        collision scaling in high-energy nuclear collisions}",
      journal        = "Phys. Rev.",
      volume         = "C92",
      year           = "2015",
      number         = "1",
      pages          = "011901",
      doi            = "10.1103/PhysRevC.92.011901",
      eprint         = "1412.4708",
      archivePrefix  = "arXiv",
      primaryClass   = "nucl-th",
      SLACcitation   = "%%CITATION = ARXIV:1412.4708;%%"
}

@article{Shen:2014vra,
      author         = "Shen, Chun and Qiu, Zhi and Song, Huichao and Bernhard,
                        Jonah E. and Bass, Steffen and Heinz, Ulrich",
      title          = "{The iEBE-VISHNU code package for relativistic heavy-ion
                        collisions}",
      journal        = "Comput. Phys. Commun.",
      volume         = "199",
      year           = "2016",
      pages          = "61-85",
      doi            = "10.1016/j.cpc.2015.08.039",
      eprint         = "1409.8164",
      archivePrefix  = "arXiv",
      primaryClass   = "nucl-th",
      SLACcitation   = "%%CITATION = ARXIV:1409.8164;%%"
}

@inproceedings{Bernhard:2010zb,
      author         = "Bernhard, Jonah E.",
      title          = "{Lorentz violation in solar-neutrino oscillations}",
      booktitle      = "{Proceedings, 5th Meeting on CPT and Lorentz Symmetry
                        (CPT 10): Bloomington, Indiana, June 28-July 2, 2010}",
      year           = "2010",
      pages          = "263-266",
      doi            = "10.1142/9789814327688_0052",
      eprint         = "1009.4717",
      archivePrefix  = "arXiv",
      primaryClass   = "hep-ph",
      SLACcitation   = "%%CITATION = ARXIV:1009.4717;%%"
}
